%% This BibTeX bibliography file was created using BibDesk.
%% http://bibdesk.sourceforge.net/

%% Created for tinoryj at 2017-05-13 03:23:32 +0800 


%% Saved with string encoding Unicode (UTF-8) 



@misc{muduo,
	Date-Added = {2017-05-12 19:11:03 +0000},
	Date-Modified = {2017-05-12 19:23:13 +0000},
	Title = {muduo网络库},
	Url = {https://github.com/chenshuo/muduo},
	Bdsk-Url-1 = {https://github.com/chenshuo/muduo}}

@misc{HTTP,
	Date-Added = {2017-05-12 19:09:13 +0000},
	Date-Modified = {2017-05-12 19:22:50 +0000},
	Title = {HTTP响应报文与工作原理详解},
	Url = {http://network.chinabyte.com/401/13238901.shtml},
	Bdsk-Url-1 = {http://network.chinabyte.com/401/13238901.shtml}}

@book{LINUX,
	Author = {DANIEL P. BOVET & MARCO CESATI},
	Date-Added = {2017-05-12 19:04:58 +0000},
	Date-Modified = {2017-05-12 19:06:45 +0000},
	Publisher = {中国电力出版社},
	Title = {深入理解LINUX内核},
	Year = {2007}}

@book{UNIXp,
	Author = {W.Richard Stevens & Stephen A. Rago},
	Date-Added = {2017-05-12 19:03:04 +0000},
	Date-Modified = {2017-05-12 19:07:57 +0000},
	Publisher = {人民邮电出版社},
	Title = {UNIX环境高级编程},
	Year = {2014}}

@book{CN,
	Author = {James F. Kurose},
	Date-Added = {2017-05-12 19:01:27 +0000},
	Date-Modified = {2017-05-12 19:08:38 +0000},
	Publisher = {机械工业出版社},
	Title = {计算机网络 自顶向下方法},
	Year = {2016}}

@book{fenbushi,
	Address = {北京},
	Author = {卢誉声},
	Date-Modified = {2017-05-12 08:23:55 +0000},
	Language = {Chinese},
	Pages = {103-106},
	Publisher = {机械工业出版社},
	Rating = {5},
	Title = {分布式实时处理系统：原理、架构与实现},
	Year = {2016}}
